@article{frakes92,
    title = {Information retrieval: data structures and algorithms},
    author = {Frakes, William B and Baeza-Yates, Ricardo},
    year = {1992},
    publisher = {Prentice Hall PTR}
}

@incollection{porter97,
    author = {Porter, M. F.},
    chapter = {An Algorithm for Suffix Stripping},
    title = {Readings in Information Retrieval},
    year = {1997},
    isbn = {1-55860-454-5},
    pages = {313--316},
    numpages = {4},
    publisher = {Morgan Kaufmann Publishers Inc.}
}

@inproceedings{strehl00,
    title = {Impact of similarity measures on web-page clustering},
    author = {Strehl, Alexander and Ghosh, Joydeep and Mooney, Raymond},
    booktitle = {Workshop on artificial intelligence for web search (AAAI 2000)},
    volume = {58},
    pages = {64},
    year = {2000}
}

@inproceedings{steinbach00,
    title = {A comparison of document clustering techniques},
    author = {Steinbach, Michael and Karypis, George and Kumar, Vipin and others},
    booktitle = {KDD workshop on text mining},
    volume = {400},
    number = {1},
    pages = {525--526},
    year = {2000},
    organization = {Boston}
}

@inproceedings{broder02,
    author = {Andrei Broder and Michael Mitzenmacher and Andrei Broder I Michael Mitzenmacher},
    title = {Network Applications of Bloom Filters: A Survey},
    booktitle = {Internet Mathematics},
    year = {2002},
    pages = {636--646}
}

@phdthesis{strehl02,
    title = {Relationship-based clustering and cluster ensembles for high-dim. data},
    author = {Strehl, A and Ghosh, J},
    school = {PhD thesis (May 2002)}
}

@inproceedings{pant04,
    author = {Gautam Pant and Padmini Srinivasan and Filippo Menczer},
    title = {Crawling the Web},
    booktitle = {In Web Dynamics: Adapting to Change in Content, Size, Topology and Use. Edited by M. Levene and A. Poulovassilis},
    year = {2004},
    pages = {153--178},
    publisher = {Springer-Verlag}
}

@inproceedings{zhong05,
    title = {Efficient online spherical k-means clustering},
    author = {Zhong, Shi},
    booktitle = {Neural Networks, 2005. IJCNN'05. Proceedings. 2005 IEEE International Joint Conference on},
    volume = {5},
    pages = {3180--3185},
    year = {2005},
    organization = {IEEE}
}

@article{zhao05,
    title = {Hierarchical clustering algorithms for document datasets},
    author = {Zhao, Ying and Karypis, George and Fayyad, Usama},
    journal = {Data mining and knowledge discovery},
    volume = {10},
    number = {2},
    pages = {141--168},
    year = {2005},
    publisher = {Springer}
}

@inproceedings{gil05,
    title = {Dynamic hierarchical compact clustering algorithm},
    author = {Gil-Garc{\'\i}a, Reynaldo and Bad{\'\i}a-Contelles, Jos{\'e} M and Pons-Porrata, Aurora},
    booktitle = {Iberoamerican Congress on Pattern Recognition},
    pages = {302--310},
    year = {2005},
    organization = {Springer}
}

@online{porter06,
    author = {Porter, M. F.},
    title = {Russian stemming algorithm},
    year = {2007},
    url = {http://snowball.tartarus.org/algorithms/russian/stemmer.html}
}

@book{segaran07,
    author = {Segaran, Toby},
    title = {Programming Collective Intelligence},
    year = {2007},
    isbn = {9780596529321},
    publisher = {O'Reilly}
}

@techreport{andrews07,
    title = {Recent developments in document clustering},
    author = {Andrews, Nicholas O and Fox, Edward A},
    year = {2007},
    institution = {Technical report, Computer Science, Virginia Tech}
}

@inproceedings{huang08,
    title = {Similarity measures for text document clustering},
    author = {Huang, Anna},
    booktitle = {Proceedings of the sixth new zealand computer science research student conference (NZCSRSC2008), Christchurch, New Zealand},
    pages = {49--56},
    year = {2008}
}

@book{manning09,
    title = {Introduction to information retrieval},
    author = {Manning, Christopher D and Raghavan, Prabhakar and Sch{\"u}tze, Hinrich and others},
    volume = {1},
    number = {1},
    year = {2008},
    publisher = {Cambridge university press Cambridge}
}

@inproceedings{kohlschutter10,
    author = {Kohlsch\"{u}tter, Christian and Fankhauser, Peter and Nejdl, Wolfgang},
    title = {Boilerplate Detection Using Shallow Text Features},
    booktitle = {Proceedings of the Third ACM International Conference on Web Search and Data Mining},
    year = {2010},
    isbn = {978-1-60558-889-6},
    pages = {441--450},
    numpages = {10},
    publisher = {ACM},
    keywords = {boilerplate removal, full-text extraction, template detection, text cleaning, web document modeling}
}

@phdthesis{pomikalek11,
    title = {Removing boilerplate and duplicate content from web corpora},
    author = {Pomik{\'a}lek, Jan},
    school = {Masaryk university, Faculty of informatics, Brno, Czech Republic},
    year = {2011}
}

@inproceedings{wang12,
    title = {Faster, larger, easier: reining real-time big data processing in cloud},
    author = {Wang, Chengwei and Rayan, Infantdani Abel and Schwan, Karsten},
    booktitle = {Proceedings of the Posters and Demo Track},
    pages = {4},
    year = {2012},
    organization = {ACM}
}

@article{deepa12,
    title = {Validation of Document Clustering based on Purity and Entropy measures},
    author = {Deepa, M and Revathy, P and Student, PG},
    journal = {International Journal of Advanced Research in Computer and Communication Engineering},
    volume = {1},
    number = {3},
    pages = {147--152},
    year = {2012}
}

@article{lonnberg13,
    title = {Large scale news article clustering},
    author = {L{\"o}nnberg, Marcus and Yreg{\aa}rd, Love},
    year = {2013},
    publisher = {Citeseer}
}

@book{neuman15,
    title = {Building Microservices: Designing Fine-Grained Systems},
    author = {Neuman, Sam},
    year = {2015},
    publisher = {Oâ€™Reilly Media}
}

@book{kleppmann17,
    title = {Designing Data-Intensive Applications: The Big Ideas Behind Reliable, Scalable, and Maintainable Systems},
    author = {Kleppmann, Martin},
    year = {2017},
    publisher = {" O'Reilly Media, Inc."}
}
